

 ---------------------------------
|				        Background						  |
 ---------------------------------
 
-- Differential Equations

@book{miller1982ordinary,
	title={Ordinary differential equations},
	author={Miller, Richard K and Michel, Anthony N},
	year={1982},
	publisher={Academic Press}
}

@book{morris1963ordinary,
	title={Ordinary Differential Equations: an elementary textbook for students of mathematics, engineering, and the sciences},
	author={Morris. Tenenbaum and Pollard, Harry},
	year={1963},
	publisher={Dover Publications}
}


@article{corless2013graduate,
	title={A graduate introduction to numerical methods},
	author={Corless, Robert M and Fillion, Nicolas},
	journal={AMC},
	volume={10},
	pages={12},
	year={2013},
	publisher={Springer}
}

-- Bayesian Statistics

@book{gelman2013bayesian,
	title={Bayesian data analysis},
	author={Gelman, Andrew and Stern, Hal S and Carlin, John B and Dunson, David B and Vehtari, Aki and Rubin, Donald B},
	year={2013},
	publisher={Chapman and Hall/CRC}
}

@book{Bishop2006pattern,
	author = {Bishop, Christopher M.},
	title = {Pattern Recognition and Machine Learning (Information Science and Statistics)},
	year = {2006},
	isbn = {0387310738},
	publisher = {Springer-Verlag},
	address = {Berlin, Heidelberg},
} 


@book{koller2009probabilistic,
	title={Probabilistic graphical models: principles and techniques},
	author={Koller, Daphne and Friedman, Nir and Bach, Francis},
	year={2009},
	publisher={MIT press}
}

@book{mcelreath2016statistical,
	title={Statistical Rethinking: A Bayesian Course with Examples in R and Stan},
	author={McElreath, Richard},
	volume={122},
	year={2016},
	publisher={CRC Press}
}

@article{neal2011mcmc,
	title={MCMC using Hamiltonian dynamics},
	author={Neal, Radford},
	journal={Handbook of Markov Chain Monte Carlo},
	volume={2},
	number={11},
	pages={2},
	year={2011}
}

@article{hoffman2014no,
	title={{The No-U-turn sampler: adaptively setting path lengths in Hamiltonian Monte Carlo.}},
	author={Hoffman, Matthew D and Gelman, Andrew},
	journal={Journal of Machine Learning Research},
	volume={15},
	number={1},
	pages={1593--1623},
	year={2014}
}

@article{betancourt2017conceptual,
	title={A conceptual introduction to Hamiltonian Monte Carlo},
	author={Betancourt, Michael},
	journal={arXiv preprint arXiv:1701.02434},
	year={2017}
}

@article{livingstone2016geometric,
	title={On the geometric ergodicity of {H}amiltonian Monte Carlo},
	author={Livingstone, Samuel and Betancourt, Michael and Byrne, Simon and Girolami, Mark and others},
	journal={Bernoulli},
	volume={25},
	number={4A},
	pages={3109--3138},
	year={2019},
	publisher={Bernoulli Society for Mathematical Statistics and Probability}
}

@misc{betancourt2017robust,
	title = {Robust statistical workflow with rstan},
	howpublished = {\url{https://betanalpha.github.io/assets/case_studies/rstan_workflow.html#25_validating_a_fit_in_stan}},
	note = {Accessed: 2019-01-31}
}

@article{kass1998markov,
	title={Markov chain Monte Carlo in practice: a roundtable discussion},
	author={Kass, Robert E and Carlin, Bradley P and Gelman, Andrew and Neal, Radford M},
	journal={The American Statistician},
	volume={52},
	number={2},
	pages={93--100},
	year={1998},
	publisher={Taylor \& Francis Group}
}

-- Pharmacokientics

@article{standing2017understanding,
	title={Understanding and applying pharmacometric modelling and simulation in clinical practice and research},
	author={Standing, Joseph F},
	journal={British journal of clinical pharmacology},
	volume={83},
	number={2},
	pages={247--254},
	year={2017},
	publisher={Wiley Online Library}
}

@book{rosenbaum2016basic,
	title={Basic pharmacokinetics and pharmacodynamics: An integrated textbook and computer simulations, Secpnd Edition.},
	author={Rosenbaum, Sara E},
	year={2016},
	publisher={John Wiley \& Sons}
}


@article{wakefield1992bayesian,
	author = { Jon   Wakefield },
	title = {The Bayesian Analysis of Population Pharmacokinetic Models},
	journal = {Journal of the American Statistical Association},
	volume = {91},
	number = {433},
	pages = {62-75},
	year  = {1996},
	publisher = {Taylor & Francis},
	doi = {10.1080/01621459.1996.10476664},
	
	URL = { 
	https://www.tandfonline.com/doi/abs/10.1080/01621459.1996.10476664
	
	}
	
}


-- Reinforcement learning

@book{sutton2011reinforcement,
	title={Reinforcement learning: An introduction},
	author={Sutton, Richard S and Barto, Andrew G},
	year={2011},
	publisher={Cambridge, MA: MIT Press}
}

@inbook{lizotte2017reinforcement,
	author = {Lizotte, Daniel J.},
	publisher = {Wiley},
	isbn = {9781118445112},
	title = {Wiley StatsRef: Statistics Reference Online},
	chapter = {Reinforcement Learning},
	year = {2017}
}
